<?xml version="1.0" encoding="UTF-8"?><collection xmlns="http://www.loc.gov/MARC21/slim"><record><leader>00405nam--2200121-i-4500</leader><controlfield tag="001">000004380</controlfield><controlfield tag="002">20161230</controlfield><controlfield tag="005">20161230201025</controlfield><controlfield tag="008">060222s1000------------r-----000-0-eng-d</controlfield><datafield ind1=" " ind2=" " tag="100"><subfield code="a">Barnes, J.L.And Gardner, M.F</subfield></datafield><datafield ind1=" " ind2=" " tag="245"><subfield code="a">Transients in linear systems. studied by the laplace transformation. vol.i: lumped-constant systems</subfield></datafield><datafield ind1=" " ind2=" " tag="260"><subfield code="a">New York, John Wiley And Sons, Inc., 1950-1958 Xi + 389 P</subfield></datafield><datafield ind1=" " ind2=" " tag="852"><subfield code="a">2050</subfield></datafield></record></collection>